@article{Ishwaran2001Gibbs,
author = {Ishwaran, Hemant and James, Lancelot F},
title = {Gibbs Sampling Methods for Stick-Breaking Priors},
journal = {Journal of the American Statistical Association},
volume = {96},
number = {453},
pages = {161--173},
year = {2001},
doi = {10.1198/016214501750332758},
}

@incollection{Aldous1985Exchangeability,
year = {1985},
isbn = {978-3-540-15203-3},
booktitle = {\'Ecole d'\'Et\'e de Probabilit\'es de Saint-Flour XIII - 1983},
volume = {1117},
series = {Lecture Notes in Mathematics},
doi = {10.1007/BFb0099421},
title = {Exchangeability and related topics},
publisher = {Springer Berlin Heidelberg},
author = {Aldous, David J.},
pages = {1-198},
}

@article{Pitman1997The,
author = {Pitman, Jim and Yor, Marc},
doi = {10.1214/aop/1024404422},
journal = {The Annals of Probability},
month = {04},
number = {2},
pages = {855--900},
title = {The two-parameter Poisson-Dirichlet distribution derived from a stable subordinator},
volume = {25},
year = {1997},
}

@article{Blackwell1973Ferguson,
title = {Ferguson Distributions Via Polya Urn Schemes},
author = {Blackwell, David and MacQueen, James B.},
journal = {The Annals of Statistics},
volume = {1},
number = {2},
pages = {pp. 353-355},
year = {1973},
}